<record><leader>00000cas a22000007a 4500</leader><controlfield tag="001">10677496</controlfield><controlfield tag="008">840501d18711919aruwr ne      0    0eng d</controlfield><datafield ind1=" " ind2=" " tag="010"><subfield code="a">sn 84022960 </subfield></datafield><datafield ind1=" " ind2=" " tag="040"><subfield code="a">NPX</subfield><subfield code="b">eng</subfield><subfield code="c">NPX</subfield><subfield code="d">NPU</subfield><subfield code="d">DLC</subfield><subfield code="d">ANU</subfield><subfield code="d">OCLCQ</subfield></datafield><datafield ind1=" " ind2=" " tag="042"><subfield code="a">msc</subfield></datafield><datafield ind1="0" ind2="4" tag="245"><subfield code="a">The Forrest City times.</subfield></datafield><datafield ind1=" " ind2=" " tag="260"><subfield code="a">Forrest City, Ark. :</subfield><subfield code="b">Thomas F. Oury</subfield></datafield><datafield ind1=" " ind2=" " tag="300"><subfield code="a">v. ;</subfield><subfield code="c">61 cm.</subfield></datafield><datafield ind1=" " ind2=" " tag="310"><subfield code="a">Weekly</subfield></datafield><datafield ind1="1" ind2=" " tag="362"><subfield code="a">Began in Nov. 1871; ceased in 1919.</subfield></datafield><datafield ind1=" " ind2=" " tag="588"><subfield code="a">Description based on: Vol. 2, no. 21 (Apr. 26, 1873).</subfield></datafield><datafield ind1=" " ind2="4" tag="651"><subfield code="a">Forrest City (Ark.)</subfield><subfield code="v">Newspapers.</subfield></datafield><datafield ind1=" " ind2="4" tag="651"><subfield code="a">Saint Francis County (Ark.)</subfield><subfield code="v">Newspapers.</subfield></datafield><datafield ind1=" " ind2=" " tag="752"><subfield code="a">United States</subfield><subfield code="b">Arkansas</subfield><subfield code="c">Saint Francis</subfield><subfield code="d">Forrest City.</subfield></datafield><datafield ind1="0" ind2="5" tag="780"><subfield code="t">Forrest City Democrat</subfield><subfield code="w">(DLC)sn 90050370</subfield></datafield><datafield ind1="0" ind2="7" tag="785"><subfield code="t">Forrest City herald (Forrest City, Ark. : 1917)</subfield><subfield code="w">(DLC)sn 90050368</subfield></datafield><datafield ind1="0" ind2="7" tag="785"><subfield code="t">Forrest City times and herald</subfield><subfield code="w">(DLC)sn 90050367</subfield></datafield><datafield ind1="1" ind2=" " tag="029"><subfield code="a">AU@</subfield><subfield code="b">000024693419</subfield></datafield></record>